
@misc{ch_ZhangChen_UAV_traffic,
	author = {Zhang Chen, Liu Ningzhong},
	title = {Research and Implementation of Traffic Flow Detection System based on Unmanned Aerial Vehicle},
	note = {Nanjing University of Aeronautics and Astronautics, master degree thesis},
	year = 2018
}

@misc{github_yolov5,
	author = {Glenn Jocher},
	title = {ultralytics/yolov5},
	year = {2022},
	publisher = {GitHub},
	journal = {GitHub repository},
	howpublished = {\url{https://github.com/ultralytics/yolov5.git}},
	commit = {5f11555e0796f9471185a16dc79860c236f656f8}
}

@inproceedings{wojke2017simple,
	title={Simple online and realtime tracking with a deep association metric},
	author={Wojke, Nicolai and Bewley, Alex and Paulus, Dietrich},
	booktitle={2017 IEEE international conference on image processing (ICIP)},
	pages={3645--3649},
	year={2017},
	organization={IEEE}
}

@article{outay2020applications,
	title={Applications of unmanned aerial vehicle (UAV) in road safety, traffic and highway infrastructure management: Recent advances and challenges},
	author={Outay, Fatma and Mengash, Hanan Abdullah and Adnan, Muhammad},
	journal={Transportation research part A: policy and practice},
	volume={141},
	pages={116--129},
	year={2020},
	publisher={Elsevier}
}

@article{bisio2022systematic,
	title={A Systematic Review of Drone Based Road Traffic Monitoring System},
	author={Bisio, Igor and Garibotto, Chiara and Haleem, Halar and Lavagetto, Fabio and Sciarrone, Andrea},
	journal={IEEE Access},
	year={2022},
	publisher={IEEE}
}

@article{puri2005survey,
	title={A survey of unmanned aerial vehicles (UAV) for traffic surveillance},
	author={Puri, Anuj},
	journal={Department of computer science and engineering, University of South Florida},
	pages={1--29},
	year={2005}
}

@inproceedings{heintz2007images,
	title={From images to traffic behavior-a uav tracking and monitoring application},
	author={Heintz, Fredrik and Rudol, Piotr and Doherty, Patrick},
	booktitle={2007 10th International Conference on Information Fusion},
	pages={1--8},
	year={2007},
	organization={IEEE}
}


@article{jian2019combining,
	title={Combining unmanned aerial vehicles with artificial-intelligence technology for traffic-congestion recognition: electronic eyes in the skies to spot clogged roads},
	author={Jian, Lihua and Li, Zhen and Yang, Xiaomin and Wu, Wei and Ahmad, Awais and Jeon, Gwanggil},
	journal={IEEE Consumer Electronics Magazine},
	volume={8},
	number={3},
	pages={81--86},
	year={2019},
	publisher={IEEE}
}

@article{khan2017uav,
	title={UAV-based traffic analysis: A universal guiding framework based on literature survey},
	author={Khan, Muhammad Arsalan and Ectors, Wim and Bellemans, Tom and Janssens, Davy and Wets, Geert},
	journal={Transportation research procedia},
	volume={22},
	pages={541--550},
	year={2017},
	publisher={Elsevier}
}

@article{zhou2007moving,
	title={Moving vehicle detection for automatic traffic monitoring},
	author={Zhou, Jie and Gao, Dashan and Zhang, David},
	journal={IEEE transactions on vehicular technology},
	volume={56},
	number={1},
	pages={51--59},
	year={2007},
	publisher={IEEE}
}

@article{xu2016background,
	title={Background modeling methods in video analysis: A review and comparative evaluation},
	author={Xu, Yong and Dong, Jixiang and Zhang, Bob and Xu, Daoyun},
	journal={CAAI Transactions on Intelligence Technology},
	volume={1},
	number={1},
	pages={43--60},
	year={2016},
	publisher={Elsevier}
}

@article{mu2016multiple,
	title={Multiple Vehicle Detection and Tracking in Highway Traffic Surveillance Video Based on SIFT Feature Matching.},
	author={Mu, Kenan and Hui, Fei and Zhao, Xiangmo},
	journal={Journal of Information Processing Systems},
	volume={12},
	number={2},
	year={2016}
}

@article{han2009vehicle,
	title={Vehicle detection method using Haar-like feature on real time system},
	author={Han, Sungji and Han, Youngjoon and Hahn, Hernsoo},
	journal={World Academy of Science, Engineering and Technology},
	volume={59},
	pages={455--459},
	year={2009},
	publisher={Citeseer}
}

@inproceedings{dalal2005histograms,
	title={Histograms of oriented gradients for human detection},
	author={Dalal, Navneet and Triggs, Bill},
	booktitle={2005 IEEE computer society conference on computer vision and pattern recognition (CVPR'05)},
	volume={1},
	pages={886--893},
	year={2005},
	organization={Ieee}
}

@article{micheal2019automatic,
	title={Automatic object tracking in optimized UAV video},
	author={Micheal, Ancy A and Vani, K},
	journal={The Journal of Supercomputing},
	volume={75},
	pages={4986--4999},
	year={2019},
	publisher={Springer}
}

@article{li2019simultaneously,
	title={Simultaneously detecting and counting dense vehicles from drone images},
	author={Li, Wei and Li, Hongliang and Wu, Qingbo and Chen, Xiaoyu and Ngan, King Ngi},
	journal={IEEE Transactions on Industrial Electronics},
	volume={66},
	number={12},
	pages={9651--9662},
	year={2019},
	publisher={IEEE}
}

@article{dong2015vehicle,
	title={Vehicle type classification using a semisupervised convolutional neural network},
	author={Dong, Zhen and Wu, Yuwei and Pei, Mingtao and Jia, Yunde},
	journal={IEEE transactions on intelligent transportation systems},
	volume={16},
	number={4},
	pages={2247--2256},
	year={2015},
	publisher={IEEE}
}

@article{zhu2018urban,
	title={Urban traffic density estimation based on ultrahigh-resolution UAV video and deep neural network},
	author={Zhu, Jiasong and Sun, Ke and Jia, Sen and Li, Qingquan and Hou, Xianxu and Lin, Weidong and Liu, Bozhi and Qiu, Guoping},
	journal={IEEE Journal of Selected Topics in Applied Earth Observations and Remote Sensing},
	volume={11},
	number={12},
	pages={4968--4981},
	year={2018},
	publisher={IEEE}
}


// Dataset
@inproceedings{waqas2019isaid,
	title={isaid: A large-scale dataset for instance segmentation in aerial images},
	author={Waqas Zamir, Syed and Arora, Aditya and Gupta, Akshita and Khan, Salman and Sun, Guolei and Shahbaz Khan, Fahad and Zhu, Fan and Shao, Ling and Xia, Gui-Song and Bai, Xiang},
	booktitle={Proceedings of the IEEE/CVF Conference on Computer Vision and Pattern Recognition Workshops},
	pages={28--37},
	year={2019}
}

@inproceedings{mueller2016benchmark,
	title={A benchmark and simulator for uav tracking},
	author={Mueller, Matthias and Smith, Neil and Ghanem, Bernard},
	booktitle={Computer Vision--ECCV 2016: 14th European Conference, Amsterdam, The Netherlands, October 11--14, 2016, Proceedings, Part I 14},
	pages={445--461},
	year={2016},
	organization={Springer}
}

@article{zhu2018vision,
	title={Vision meets drones: A challenge},
	author={Zhu, Pengfei and Wen, Longyin and Bian, Xiao and Ling, Haibin and Hu, Qinghua},
	journal={arXiv preprint arXiv:1804.07437},
	year={2018}
}

@article{zhu2021detection,
	title={Detection and tracking meet drones challenge},
	author={Zhu, Pengfei and Wen, Longyin and Du, Dawei and Bian, Xiao and Fan, Heng and Hu, Qinghua and Ling, Haibin},
	journal={IEEE Transactions on Pattern Analysis and Machine Intelligence},
	volume={44},
	number={11},
	pages={7380--7399},
	year={2021},
	publisher={IEEE}
}

@inproceedings{du2018unmanned,
	title={The unmanned aerial vehicle benchmark: Object detection and tracking},
	author={Du, Dawei and Qi, Yuankai and Yu, Hongyang and Yang, Yifan and Duan, Kaiwen and Li, Guorong and Zhang, Weigang and Huang, Qingming and Tian, Qi},
	booktitle={Proceedings of the European conference on computer vision (ECCV)},
	pages={370--386},
	year={2018}
}

@inproceedings{jensen2020presenting,
	title={Presenting the multi-view traffic intersection dataset (MTID): A detailed traffic-surveillance dataset},
	author={Jensen, Morten B and M{\o}gelmose, Andreas and Moeslund, Thomas B},
	booktitle={2020 IEEE 23rd International Conference on Intelligent Transportation Systems (ITSC)},
	pages={1--6},
	year={2020},
	organization={IEEE}
}

@inproceedings{robicquet2016learning,
	title={Learning social etiquette: Human trajectory understanding in crowded scenes},
	author={Robicquet, Alexandre and Sadeghian, Amir and Alahi, Alexandre and Savarese, Silvio},
	booktitle={Computer Vision--ECCV 2016: 14th European Conference, Amsterdam, The Netherlands, October 11-14, 2016, Proceedings, Part VIII 14},
	pages={549--565},
	year={2016},
	organization={Springer}
}

//metrics
@inproceedings{padilla2020survey,
	title={A survey on performance metrics for object-detection algorithms},
	author={Padilla, Rafael and Netto, Sergio L and Da Silva, Eduardo AB},
	booktitle={2020 international conference on systems, signals and image processing (IWSSIP)},
	pages={237--242},
	year={2020},
	organization={IEEE}
}


@article{everingham2015pascal,
	title={The pascal visual object classes challenge: A retrospective},
	author={Everingham, Mark and Eslami, SM Ali and Van Gool, Luc and Williams, Christopher KI and Winn, John and Zisserman, Andrew},
	journal={International journal of computer vision},
	volume={111},
	pages={98--136},
	year={2015},
	publisher={Springer}
}

// MOT
@inproceedings{bewley2016simple,
	title={Simple online and realtime tracking},
	author={Bewley, Alex and Ge, Zongyuan and Ott, Lionel and Ramos, Fabio and Upcroft, Ben},
	booktitle={2016 IEEE international conference on image processing (ICIP)},
	pages={3464--3468},
	year={2016},
	organization={IEEE}
}


// non-DL based imagre registration
@article{angel2003methods,
	title={Methods of analyzing traffic imagery collected from aerial platforms},
	author={Angel, Alejandro and Hickman, Mark and Mirchandani, Pitu and Chandnani, Dinesh},
	journal={IEEE Transactions on Intelligent Transportation Systems},
	volume={4},
	number={2},
	pages={99--107},
	year={2003},
	publisher={IEEE}
}

@article{cao2012vehicle,
	title={Vehicle detection and tracking in airborne videos by multi-motion layer analysis},
	author={Cao, Xianbin and Lan, Jinhe and Yan, Pingkun and Li, Xuelong},
	journal={Machine Vision and Applications},
	volume={23},
	pages={921--935},
	year={2012},
	publisher={Springer}
}

@inproceedings{yalcin2005flow,
	title={A flow-based approach to vehicle detection and background mosaicking in airborne video},
	author={Yalcin, Hulya and Hebert, Martial and Collins, Robert and Black, Michael J},
	booktitle={2005 IEEE Computer Society Conference on Computer Vision and Pattern Recognition (CVPR'05)},
	volume={2},
	pages={1202--vol},
	year={2005},
	organization={IEEE}
}

@article{ke2016real,
	title={Real-time bidirectional traffic flow parameter estimation from aerial videos},
	author={Ke, Ruimin and Li, Zhibin and Kim, Sung and Ash, John and Cui, Zhiyong and Wang, Yinhai},
	journal={IEEE Transactions on Intelligent Transportation Systems},
	volume={18},
	number={4},
	pages={890--901},
	year={2016},
	publisher={IEEE}
}

// object detection
@article{russakovsky2015imagenet,
	title={Imagenet large scale visual recognition challenge},
	author={Russakovsky, Olga and Deng, Jia and Su, Hao and Krause, Jonathan and Satheesh, Sanjeev and Ma, Sean and Huang, Zhiheng and Karpathy, Andrej and Khosla, Aditya and Bernstein, Michael and others},
	journal={International journal of computer vision},
	volume={115},
	pages={211--252},
	year={2015},
	publisher={Springer}
}

@inproceedings{lin2014microsoft,
	title={Microsoft coco: Common objects in context},
	author={Lin, Tsung-Yi and Maire, Michael and Belongie, Serge and Hays, James and Perona, Pietro and Ramanan, Deva and Doll{\'a}r, Piotr and Zitnick, C Lawrence},
	booktitle={Computer Vision--ECCV 2014: 13th European Conference, Zurich, Switzerland, September 6-12, 2014, Proceedings, Part V 13},
	pages={740--755},
	year={2014},
	organization={Springer}
}
// 1. object detection： image based
@inproceedings{le2018combining,
	title={Combining deep and handcrafted image features for vehicle classification in drone imagery},
	author={Le, Xuesong and Wang, Yufei and Jo, Jun},
	booktitle={2018 Digital Image Computing: Techniques and Applications (DICTA)},
	pages={1--6},
	year={2018},
	organization={IEEE}
}

@inproceedings{szegedy2017inception,
	title={Inception-v4, inception-resnet and the impact of residual connections on learning},
	author={Szegedy, Christian and Ioffe, Sergey and Vanhoucke, Vincent and Alemi, Alexander},
	booktitle={Proceedings of the AAAI conference on artificial intelligence},
	volume={31},
	//number={1},
	year={2017}
}

@article{li2020multi,
	title={Multi-scale vehicle detection in high-resolution aerial images with context information},
	author={Li, Xianghui and Li, Xinde and Pan, Hong},
	journal={IEEE Access},
	volume={8},
	pages={208643--208657},
	year={2020},
	publisher={IEEE}
}

@article{li2021domain,
	title={Domain adaptation from daytime to nighttime: A situation-sensitive vehicle detection and traffic flow parameter estimation framework},
	author={Li, Jinlong and Xu, Zhigang and Fu, Lan and Zhou, Xuesong and Yu, Hongkai},
	journal={Transportation Research Part C: Emerging Technologies},
	volume={124},
	pages={102946},
	year={2021},
	publisher={Elsevier}
}

@inproceedings{zhu2017unpaired,
	title={Unpaired image-to-image translation using cycle-consistent adversarial networks},
	author={Zhu, Jun-Yan and Park, Taesung and Isola, Phillip and Efros, Alexei A},
	booktitle={Proceedings of the IEEE international conference on computer vision},
	pages={2223--2232},
	year={2017}
}

@article{ren2015faster,
	title={Faster r-cnn: Towards real-time object detection with region proposal networks},
	author={Ren, Shaoqing and He, Kaiming and Girshick, Ross and Sun, Jian},
	journal={Advances in neural information processing systems},
	volume={28},
	year={2015}
}

@article{adaimi2020perceiving,
	title={Perceiving traffic from aerial images},
	author={Adaimi, George and Kreiss, Sven and Alahi, Alexandre},
	journal={arXiv preprint arXiv:2009.07611},
	year={2020}
}

\\video detection
@article{li2019adaptive,
	title={An adaptive framework for multi-vehicle ground speed estimation in airborne videos},
	author={Li, Jing and Chen, Shuo and Zhang, Fangbing and Li, Erkang and Yang, Tao and Lu, Zhaoyang},
	journal={Remote Sensing},
	volume={11},
	number={10},
	pages={1241},
	year={2019},
	publisher={MDPI}
}

@article{ke2018real,
	title={Real-time traffic flow parameter estimation from UAV video based on ensemble classifier and optical flow},
	author={Ke, Ruimin and Li, Zhibin and Tang, Jinjun and Pan, Zewen and Wang, Yinhai},
	journal={IEEE Transactions on Intelligent Transportation Systems},
	volume={20},
	number={1},
	pages={54--64},
	year={2018},
	publisher={IEEE}
}

\\ tracker
@inproceedings{lukezic2017discriminative,
	title={Discriminative correlation filter with channel and spatial reliability},
	author={Lukezic, Alan and Vojir, Tomas and ˇCehovin Zajc, Luka and Matas, Jiri and Kristan, Matej},
	booktitle={Proceedings of the IEEE conference on computer vision and pattern recognition},
	pages={6309--6318},
	year={2017}
}

@article{biswas2019speed,
	title={Speed estimation of multiple moving objects from a moving UAV platform},
	author={Biswas, Debojit and Su, Hongbo and Wang, Chengyi and Stevanovic, Aleksandar},
	journal={ISPRS International Journal of Geo-Information},
	volume={8},
	number={6},
	pages={259},
	year={2019},
	publisher={MDPI}
}


@article{yu2022frequency,
	title={Frequency Feature Pyramid Network With Global-Local Consistency Loss for Crowd-and-Vehicle Counting in Congested Scenes},
	author={Yu, Xiaoyuan and Liang, Yanyan and Lin, Xuxin and Wan, Jun and Wang, Tian and Dai, Hong-Ning},
	journal={IEEE Transactions on Intelligent Transportation Systems},
	volume={23},
	number={7},
	pages={9654--9664},
	year={2022},
	publisher={IEEE}
}

@article{cuevas2005kalman,
	title={Kalman filter for vision tracking},
	author={Cuevas, Erik V and Zaldivar, Daniel and Rojas, Raul},
	year={2005}
}

@book{chui2017kalman,
	title={Kalman filtering},
	author={Chui, Charles K and Chen, Guanrong and others},
	year={2017},
	publisher={Springer}
}


// CSRT
@article{lunevzivc2018discriminative,
	title={Discriminative correlation filter tracner with channel and spatial reliability},
	author={LuNe{\v{z}}i{\v{c}}, A and Voj{\'\i}{\v{r}}, Tom{\'a}{\v{s}} and Zajc, L {\v{C}}ehovin and Matas, Ji{\v{r}}{\'\i} and Kristan, Matej},
	journal={International Journal of Computer Vision},
	volume={126},
	number={7},
	pages={671--688},
	year={2018}
}